
@misc{sackett1996evidence,
  title={Evidence based medicine: what it is and what it isn't},
  author={Sackett, David L and Rosenberg, William MC and Gray, JA Muir and Haynes, R Brian and Richardson, W Scott},
  year={1996},
  publisher={British Medical Journal Publishing Group}
}

@book{straus2018evidence,
  title={Evidence-Based Medicine E-Book: How to Practice and Teach EBM},
  author={Straus, Sharon E and Glasziou, Paul and Richardson, W Scott and Haynes, R Brian},
  year={2018},
  publisher={Elsevier Health Sciences}
}

@article{slawson2005teaching,
  title={Teaching evidence-based medicine: should we be teaching information management instead?},
  author={Slawson, David C and Shaughnessy, Allen F},
  journal={Academic medicine},
  volume={80},
  number={7},
  pages={685--689},
  year={2005},
  publisher={LWW}
}

@article{bordley1997evidence,
  title={Evidence-based medicine: a powerful educational tool for clerkship education},
  author={Bordley, Donald R and Fagan, Mark and Theige, David},
  journal={The American journal of medicine},
  volume={102},
  number={5},
  pages={427--432},
  year={1997},
  publisher={Elsevier}
}

@article{richardson1995well,
  title={The well-built clinical question: a key to evidence-based decisions},
  author={Richardson, W Scott and Wilson, Mark C and Nishikawa, Jim and Hayward, Robert S and others},
  journal={Acp j club},
  volume={123},
  number={3},
  pages={A12--3},
  year={1995}
}

@book{guyatt2002users,
  title={Users' guides to the medical literature: a manual for evidence-based clinical practice},
  author={Guyatt, Gordon and Rennie, Drummond and Meade, Maureen and Cook, Deborah and others},
  volume={706},
  year={2002},
  publisher={AMA press Chicago}
}



